<collection xmlns="http://www.loc.gov/MARC21/slim">
<record>
  <leader>01100nam0a22002291i 450 </leader>
  <controlfield tag="001">IT\ICCU\CNCE\035507</controlfield>
  <controlfield tag="005">20130321000000.0</controlfield>
  <datafield tag="012" ind1=" " ind2=" ">
    <subfield code="a">a.a, a,i. daza o.za (C) 1555 (R)</subfield>
    <subfield code="2">fei</subfield>
  </datafield>
  <datafield tag="100" ind1=" " ind2=" ">
    <subfield code="a">19980112d1555        0itac0103    ba</subfield>
  </datafield>
  <datafield tag="101" ind1=" " ind2=" ">
    <subfield code="a">ITA</subfield>
  </datafield>
  <datafield tag="102" ind1=" " ind2=" ">
    <subfield code="a">IT</subfield>
  </datafield>
  <datafield tag="200" ind1="1" ind2=" ">
    <subfield code="a">Triompho di lauori a fogliami de i quali si puo far ponti in aere. Opera di fra Hieronimo da Ciuidal di Frioli, all&apos;Ordine de i Serui de Osseruantia</subfield>
  </datafield>
  <datafield tag="210" ind1=" " ind2=" ">
    <subfield code="a">In Padoa</subfield>
    <subfield code="c">per Iacobo Fabriano</subfield>
    <subfield code="c">ad instantia de fra Hieronimo da Ciuidal di Frioli dell&apos;Ordine de i serui di Osseruantia</subfield>
    <subfield code="d">1555</subfield>
  </datafield>
  <datafield tag="215" ind1=" " ind2=" ">
    <subfield code="a">\14! c.</subfield>
    <subfield code="c">ill. sil.</subfield>
    <subfield code="d">8ʻ obl</subfield>
  </datafield>
  <datafield tag="620" ind1=" " ind2=" ">
    <subfield code="a">IT</subfield>
    <subfield code="d">Padova</subfield>
  </datafield>
  <datafield tag="700" ind1=" " ind2="0">
    <subfield code="a">Girolamo</subfield>
    <subfield code="c"> : da#Cividale</subfield>
    <subfield code="3">IT\ICCU\CNCA\009994</subfield>
  </datafield>
  <datafield tag="712" ind1="0" ind2="0">
    <subfield code="a">Fabriano, Giacomo</subfield>
    <subfield code="3">IT\ICCU\CNCT\000154</subfield>
    <subfield code="4">650</subfield>
  </datafield>
  <datafield tag="790" ind1=" " ind2="0">
    <subfield code="a">Hieronimo</subfield>
    <subfield code="c"> : da#Cividal del Friuli</subfield>
    <subfield code="3">IT\ICCU\CNCA\020343</subfield>
    <subfield code="z">Girolamo : da#Cividale</subfield>
  </datafield>
  <datafield tag="791" ind1="0" ind2="0">
    <subfield code="a">Fabrianus, Iacobus</subfield>
    <subfield code="3">IT\ICCU\CNCT\004744</subfield>
    <subfield code="z">Fabriano, Giacomo</subfield>
  </datafield>
  <datafield tag="791" ind1="0" ind2="0">
    <subfield code="a">Fabriano, Iacobo</subfield>
    <subfield code="3">IT\ICCU\CNCT\005059</subfield>
    <subfield code="z">Fabriano, Giacomo</subfield>
  </datafield>
  <datafield tag="801" ind1=" " ind2="3">
    <subfield code="a">IT</subfield>
    <subfield code="b">ICCU</subfield>
    <subfield code="c">20201114</subfield>
  </datafield>
  <datafield tag="899" ind1=" " ind2=" ">
    <subfield code="a">Biblioteca comunale dell&apos;Archiginnasio. Bologna</subfield>
    <subfield code="z">MUTILO</subfield>
    <subfield code="1">BO0304</subfield>
    <subfield code="2">UBO GA</subfield>
  </datafield>
</record>
</collection>
